@article{chitturi1974distribution,
	title={Distribution of residual autocorrelations in multiple autoregressive schemes},
	author={Chitturi, Ratnam V},
	journal={Journal of the American Statistical Association},
	volume={69},
	number={348},
	pages={928--934},
	year={1974},
	publisher={Taylor \& Francis}
}

@article{sauer1992noise,
	title={A noise reduction method for signals from nonlinear systems},
	author={Sauer, Tim},
	journal={Physica D: Nonlinear Phenomena},
	volume={58},
	number={1-4},
	pages={193--201},
	year={1992},
	publisher={Elsevier}
}

@article{heil1989continuous,
  title={Continuous and discrete wavelet transforms},
  author={Heil, Christopher E and Walnut, David F},
  journal={SIAM review},
  volume={31},
  number={4},
  pages={628--666},
  year={1989},
  publisher={SIAM}
}

@article{donoho1994ideal,
	title={Ideal spatial adaptation by wavelet shrinkage},
	author={Donoho, David L and Johnstone, Iain M},
	journal={biometrika},
	volume={81},
	number={3},
	pages={425--455},
	year={1994},
	publisher={Oxford University Press}
}

@book{jansen2012noise,
	title={Noise reduction by wavelet thresholding},
	author={Jansen, Maarten},
	volume={161},
	year={2012},
	publisher={Springer Science \& Business Media}
}

@article{lang1996noise,
	title={Noise reduction using an undecimated discrete wavelet transform},
	author={Lang, Markus and Guo, Haitao and Odegard, Jan E and Burrus, C Sidney and Wells, Raymond O},
	journal={IEEE Signal Processing Letters},
	volume={3},
	number={1},
	pages={10--12},
	year={1996},
	publisher={IEEE}
}

@article{palacios2018elimination,
	title={Elimination of white noise from time series through the Wavelet Transform},
	author={Palacios, I and Cepeda, M},
	journal={Modern Environmental Science and Engineering},
	volume={4},
	number={7},
	pages={681--685},
	year={2018}
}
