@article{44ea8479-57eb-3054-8bb6-08193dda85c7,
  title = {Early History of the Kappa Statistic},
  author = {Smeeton, Nigel C.},
  date = {1985},
  journaltitle = {Biometrics. Journal of the International Biometric Society},
  shortjournal = {Biometrics},
  volume = {41},
  number = {3},
  eprint = {2531300},
  eprinttype = {jstor},
  pages = {795--795},
  publisher = {{[Wiley, International Biometric Society]}},
  issn = {0006341X, 15410420},
  url = {http://www.jstor.org/stable/2531300},
  urldate = {2024-02-20}
}

@book{Bittmann2021,
  title = {Bootstrapping: An Integrated Approach with {{Python}} and {{Stata}}},
  shorttitle = {Bootstrapping},
  author = {Bittmann, Felix},
  date = {2021},
  publisher = {{De Gruyter Oldenbourg}},
  location = {{Berlin Boston}},
  isbn = {978-3-11-069440-6},
  langid = {english},
  pagetotal = {120},
  file = {/Users/jonasrieger/Zotero/storage/9NYPB4IC/Bittmann2021.pdf}
}

@article{Cohen1960,
  title = {A {{Coefficient}} of {{Agreement}} for {{Nominal Scales}}},
  author = {Cohen, Jacob},
  date = {1960-04},
  journaltitle = {Educational and Psychological Measurement},
  shortjournal = {Educational and Psychological Measurement},
  volume = {20},
  number = {1},
  pages = {37--46},
  issn = {0013-1644, 1552-3888},
  doi = {10.1177/001316446002000104},
  url = {http://journals.sagepub.com/doi/10.1177/001316446002000104},
  urldate = {2024-02-20},
  langid = {english}
}

@book{Davison1997,
  title = {Bootstrap Methods and Their Application},
  author = {Davison, A. C. and Hinkley, D. V.},
  date = {1997},
  publisher = {{Cambridge University Press}},
  location = {{Cambridge ; New York, NY, USA}},
  isbn = {978-0-521-57391-7 978-0-521-57471-6},
  pagetotal = {582},
  keywords = {Bootstrap (Statistics)}
}

@article{Efron1987,
  title = {Better {{Bootstrap Confidence Intervals}}},
  author = {Efron, Bradley},
  date = {1987-03},
  journaltitle = {Journal of the American Statistical Association},
  shortjournal = {Journal of the American Statistical Association},
  volume = {82},
  number = {397},
  pages = {171--185},
  issn = {0162-1459, 1537-274X},
  doi = {10.1080/01621459.1987.10478410},
  url = {http://www.tandfonline.com/doi/abs/10.1080/01621459.1987.10478410},
  urldate = {2024-02-15},
  langid = {english}
}

@book{Gramacki2018,
  title = {Nonparametric {{Kernel Density Estimation}} and {{Its Computational Aspects}}},
  author = {Gramacki, Artur},
  date = {2018},
  series = {Studies in {{Big Data}}},
  volume = {37},
  publisher = {{Springer International Publishing}},
  location = {{Cham}},
  doi = {10.1007/978-3-319-71688-6},
  url = {http://link.springer.com/10.1007/978-3-319-71688-6},
  urldate = {2024-02-15},
  isbn = {978-3-319-71687-9 978-3-319-71688-6},
  file = {/Users/jonasrieger/Zotero/storage/N3YVQFK3/Gramacki2018.pdf}
}

@article{Hardle2003,
  title = {Bootstrap {{Methods}} for {{Time Series}}},
  author = {Härdle, Wolfgang and Horowitz, Joel and Kreiss, Jens‐Peter},
  date = {2003-08},
  journaltitle = {International Statistical Review},
  shortjournal = {Int Statistical Rev},
  volume = {71},
  number = {2},
  pages = {435--459},
  issn = {0306-7734, 1751-5823},
  doi = {10.1111/j.1751-5823.2003.tb00485.x},
  url = {https://onlinelibrary.wiley.com/doi/10.1111/j.1751-5823.2003.tb00485.x},
  urldate = {2024-02-15},
  abstract = {Summary               The bootstrap is a method for estimating the distribution of an estimator or test statistic by resampling one's data or a model estimated from the data. The methods that are available for implementing the bootstrap and the accuracy of bootstrap estimates depend on whether the data are an independent random sample or a time series. This paper is concerned with the application of the bootstrap to time‐series data when one does not have a finite‐dimensional parametric model that reduces the data generation process to independent random sampling. We review the methods that have been proposed for implementing the bootstrap in this situation and discuss the accuracy of these methods relative to that of first‐order asymptotic approximations. We argue that methods for implementing the bootstrap with time‐series data are not as well understood as methods for data that are independent random samples. Although promising bootstrap methods for time series are available, there is a considerable need for further research in the application of the bootstrap to time series. We describe some of the important unsolved problems.                                         Résumé               Le bootstrap est une méthode pour estimer la distribution d'un estimateur en rééchantillonnant ses données ou un modéle estiméà partir des données. Les méthodes disponibles pour mettre en oeuvre le bootstrap et la précision des estimateurs de bootstrap dépendent de ce que les données proviennent d'un échantillon aléatoire indépendant ou d'une série temporelle. Cet article concerne l'application du bootstrap aux données des séries temporelles quand on ne dispose pas de modéle paramétrique de dimension finie qui réduise le processus de génération des données à l'échantillonnage aléatoire indépendent. Nous examinons les méthodes qui ont été proposées pour mettre en oeuvre le bootstrap dans cette situation et discutons la precision de ces méthodes comparativement à celle des approximations asymptotiques de premier ordre. Nous montrons que les méthodes pour mettre en oeuvre le bootstrap avec les données des séries temporelles ne sont pas aussi bien comprises que les méthodes pour les données des échantillons aléatoires indépendants. Bien que des méthodes de bootstrap prometteuses pour les séries temporelles soient disponibles, il y a un besoin considérable de recherche supplémental re dans leur application. Nous décrivons quelques problémes importants non résolus.},
  langid = {english},
  file = {/Users/jonasrieger/Zotero/storage/WTWRW4EC/Härdle2003.pdf}
}

@article{Hesterberg2011,
  title = {Bootstrap},
  author = {Hesterberg, Tim},
  date = {2011-11},
  journaltitle = {WIREs Computational Statistics},
  shortjournal = {WIREs Computational Stats},
  volume = {3},
  number = {6},
  pages = {497--526},
  issn = {1939-5108, 1939-0068},
  doi = {10.1002/wics.182},
  url = {https://wires.onlinelibrary.wiley.com/doi/10.1002/wics.182},
  urldate = {2024-02-15},
  abstract = {Abstract                            This article provides an introduction to the bootstrap. The bootstrap provides statistical inferences—standard error and bias estimates, confidence intervals, and hypothesis tests—without assumptions such as Normal distributions or equal variances. As such, bootstrap methods can be remarkably more accurate than classical inferences based on Normal or               t               distributions. The bootstrap uses the same basic procedure regardless of the statistic being calculated, without requiring the use of application‐specific formulae. This article may provide two big surprises for many readers. The first is that the bootstrap shows that common               t               confidence intervals are woefully inaccurate when populations are skewed, with one‐sided coverage levels off by factors of two or more, even for very large samples. The second is that the number of bootstrap samples required is much larger than generally realized.               WIREs Comp Stat               2011 3 497–526  DOI: 10.1002/wics.182                                         This article is categorized under:                                                   Statistical and Graphical Methods of Data Analysis {$>$} Bootstrap and Resampling},
  langid = {english}
}

@book{James2021,
  title = {An {{Introduction}} to {{Statistical Learning}}: With {{Applications}} in {{R}}},
  shorttitle = {An {{Introduction}} to {{Statistical Learning}}},
  author = {James, Gareth and Witten, Daniela and Hastie, Trevor and Tibshirani, Robert},
  date = {2021},
  series = {Springer {{Texts}} in {{Statistics}}},
  publisher = {{Springer US}},
  location = {{New York, NY}},
  doi = {10.1007/978-1-0716-1418-1},
  url = {https://link.springer.com/10.1007/978-1-0716-1418-1},
  urldate = {2024-02-12},
  isbn = {978-1-07-161417-4 978-1-07-161418-1},
  langid = {english}
}

@book{Jolliffe2012,
  title = {Forecast Verification: A Practitioner's Guide in Atmospheric Science},
  shorttitle = {Forecast Verification},
  editor = {Jolliffe, Ian T. and Stephenson, David B.},
  date = {2012},
  edition = {2. ed},
  publisher = {{Wiley-Blackwell}},
  location = {{Oxford}},
  isbn = {978-0-470-66071-3},
  langid = {english},
  pagetotal = {274},
  file = {/Users/jonasrieger/Zotero/storage/PY8JV7AZ/Jolliffe2012.pdf}
}

@incollection{Kreiss2012,
  title = {Bootstrap {{Methods}} for {{Time Series}}},
  booktitle = {Handbook of {{Statistics}}},
  author = {Kreiss, Jens-Peter and Lahiri, Soumendra Nath},
  date = {2012},
  volume = {30},
  pages = {3--26},
  publisher = {{Elsevier}},
  doi = {10.1016/B978-0-444-53858-1.00001-6},
  url = {https://linkinghub.elsevier.com/retrieve/pii/B9780444538581000016},
  urldate = {2024-02-15},
  isbn = {978-0-444-53858-1},
  langid = {english},
  file = {/Users/jonasrieger/Zotero/storage/U3S9PQ3X/Kreiss2012.pdf}
}

@article{Rostami-Tabar2023,
  title = {Probabilistic Forecasting of Hourly Emergency Department Arrivals},
  author = {Rostami-Tabar, Bahman and Browell, Jethro and Svetunkov, Ivan},
  date = {2023-05-01},
  journaltitle = {Health Systems},
  shortjournal = {Health Systems},
  pages = {1--17},
  issn = {2047-6965, 2047-6973},
  doi = {10.1080/20476965.2023.2200526},
  url = {https://www.tandfonline.com/doi/full/10.1080/20476965.2023.2200526},
  urldate = {2024-01-29},
  langid = {english}
}

@article{Saugel2015,
  title = {Tracking {{Changes}} in {{Cardiac Output}}: {{Statistical Considerations}} on the 4-{{Quadrant Plot}} and the {{Polar Plot Methodology}}},
  shorttitle = {Tracking {{Changes}} in {{Cardiac Output}}},
  author = {Saugel, Bernd and Grothe, Oliver and Wagner, Julia Y.},
  date = {2015-08},
  journaltitle = {Anesthesia \& Analgesia},
  volume = {121},
  number = {2},
  pages = {514--524},
  issn = {0003-2999},
  doi = {10.1213/ANE.0000000000000725},
  url = {https://journals.lww.com/00000539-201508000-00034},
  urldate = {2024-01-26},
  langid = {english}
}

@inproceedings{Seabold2010,
  title = {Statsmodels: {{Econometric}} and Statistical Modeling with Python},
  booktitle = {9th Python in Science Conference},
  author = {Seabold, Skipper and Perktold, Josef},
  date = {2010}
}

@article{Virtanen2020,
  title = {{{SciPy}} 1.0: {{Fundamental}} Algorithms for Scientific Computing in Python},
  author = {Virtanen, Pauli and Gommers, Ralf and Oliphant, Travis E. and Haberland, Matt and Reddy, Tyler and Cournapeau, David and Burovski, Evgeni and Peterson, Pearu and Weckesser, Warren and Bright, Jonathan and family=Walt, given=Stéfan J., prefix=van der, useprefix=true and Brett, Matthew and Wilson, Joshua and Millman, K. Jarrod and Mayorov, Nikolay and Nelson, Andrew R. J. and Jones, Eric and Kern, Robert and Larson, Eric and Carey, C J and Polat, İlhan and Feng, Yu and Moore, Eric W. and VanderPlas, Jake and Laxalde, Denis and Perktold, Josef and Cimrman, Robert and Henriksen, Ian and Quintero, E. A. and Harris, Charles R. and Archibald, Anne M. and Ribeiro, Antônio H. and Pedregosa, Fabian and family=Mulbregt, given=Paul, prefix=van, useprefix=true and {SciPy 1.0 Contributors}},
  date = {2020},
  journaltitle = {Nature Methods},
  volume = {17},
  pages = {261--272},
  doi = {10.1038/s41592-019-0686-2}
}
